@inproceedings{NFSv4SecurityProxy,
  author        = "Duo Yi and Youlong Cheng",
  title         = "Design and Implementation of a NFSv4 Security Proxy",
  month         = aug,
  year          = "2013",
}

@inproceedings{OpinionMiningSentimentAnalysisTwitter,
  author        = "Gokulakrishnan, B. and Priyanthan, P. and Ragavan, T. and Prasath, N. and Perera, A.",
  title         = "Opinion mining and sentiment analysis on a Twitter data stream",
  booktitle     = "Advances in ICT for Emerging Regions (ICTer), 2012 International Conference on",
  month         = dec # " 12--15,",
  year          = "2012",
  pages         = "182-188"
}

@inproceedings{PreciseTweetClassification,
  author        = "Batool, Rabia and Khattak, Asad Masood and Maqbool, Jahanzeb and Lee, Sungyoung",
  title         = "Precise tweet classification and sentiment analysis",
  booktitle     = "Computer and Information Science (ICIS), 2013 IEEE/ACIS 12th International Conference on",
  month         = jun # " 16--20,",
  year          = "2013",
  pages         = "461-466"
}

@inproceedings{ProductQualityAnalysis,
  author        = "Dehkharghani, Rahim and Yilmaz, Cemal",
  title         = "Automatically identifying a software product's quality attributes through sentiment analysis of tweets",
  booktitle     = "Natural Language Analysis in Software Engineering (NaturaLiSE), 2013 1st International Workshop on",
  day           = "25",
  month         = may,
  year          = "2013",
  pages         = "25-30"
}

Those fields that are not to be changed can be left out.
@IEEEtranBSTCTL{IEEEexample:BSTcontrol,
  CTLuse_article_number     = "yes",
  CTLuse_paper              = "yes",
  CTLuse_forced_etal        = "no",
  CTLmax_names_forced_etal  = "10",
  CTLnames_show_etal        = "1",
  CTLuse_alt_spacing        = "yes",
  CTLalt_stretch_factor     = "4",
  CTLdash_repeated_names    = "yes",
  CTLname_format_string     = "{f.~}{vv~}{ll}{, jj}",
  CTLname_latex_cmd         = "",
  CTLname_url_prefix        = "[Online]. Available:"
}


